<record><leader>00000cas a2200000 a 4500</leader><controlfield tag="001">15875231</controlfield><controlfield tag="008">870610d18991920iluwr ne      0   a0eng c</controlfield><datafield ind1=" " ind2=" " tag="010"><subfield code="a">sn 87082786 </subfield></datafield><datafield ind1=" " ind2=" " tag="040"><subfield code="a">NPV</subfield><subfield code="b">eng</subfield><subfield code="c">NPV</subfield><subfield code="d">NVF</subfield><subfield code="d">CVF</subfield><subfield code="d">OCLCQ</subfield><subfield code="d">NVF</subfield><subfield code="d">OCLCF</subfield><subfield code="d">NVF</subfield><subfield code="d">OCLCO</subfield></datafield><datafield ind1="1" ind2=" " tag="029"><subfield code="a">AU@</subfield><subfield code="b">000020473710</subfield></datafield><datafield ind1=" " ind2=" " tag="042"><subfield code="a">pcc</subfield></datafield><datafield ind1=" " ind2=" " tag="043"><subfield code="a">n-us-il</subfield></datafield><datafield ind1="0" ind2=" " tag="130"><subfield code="a">Henry times (Henry, Ill. : 1899)</subfield></datafield><datafield ind1="1" ind2="4" tag="245"><subfield code="a">The Henry times.</subfield></datafield><datafield ind1="1" ind2=" " tag="246"><subfield code="i">Published as:</subfield><subfield code="a">Henry semi-weekly times</subfield><subfield code="f">1899-Dec. 29, 1905</subfield></datafield><datafield ind1="1" ind2="7" tag="246"><subfield code="a">Henry weekly times</subfield><subfield code="f">Sept. 21, 1904-&lt;Nov. 16, 1904&gt;</subfield></datafield><datafield ind1="3" ind2=" " tag="246"><subfield code="a">Henry semiweekly times</subfield></datafield><datafield ind1=" " ind2=" " tag="260"><subfield code="a">Henry, Marshall County, Ill. :</subfield><subfield code="b">J.S. Burt &amp; Son,</subfield><subfield code="c">1899-1920.</subfield></datafield><datafield ind1=" " ind2=" " tag="300"><subfield code="a">v.</subfield></datafield><datafield ind1=" " ind2=" " tag="310"><subfield code="a">Weekly,</subfield><subfield code="b">Sept. 21, 1904-Nov. 25, 1920</subfield></datafield><datafield ind1=" " ind2=" " tag="321"><subfield code="a">Semiweekly,</subfield><subfield code="b">Oct. 6, 1899-Sept. 16, 1904</subfield></datafield><datafield ind1="0" ind2=" " tag="362"><subfield code="a">Vol. 14, no. 79 (Oct. 6, 1899)-v. 36, no. 48 (Nov. 25, 1920).</subfield></datafield><datafield ind1=" " ind2=" " tag="515"><subfield code="a">Continues the numbering of Henry semi-weekly times.</subfield></datafield><datafield ind1=" " ind2="0" tag="651"><subfield code="a">Henry (Ill.)</subfield><subfield code="v">Newspapers.</subfield></datafield><datafield ind1=" " ind2="0" tag="651"><subfield code="a">Putnam County (Ill.)</subfield><subfield code="v">Newspapers.</subfield></datafield><datafield ind1=" " ind2="7" tag="651"><subfield code="a">Illinois</subfield><subfield code="z">Henry.</subfield><subfield code="2">fast</subfield><subfield code="0">(OCoLC)fst01226730</subfield></datafield><datafield ind1=" " ind2="7" tag="651"><subfield code="a">Illinois</subfield><subfield code="z">Putnam County.</subfield><subfield code="2">fast</subfield><subfield code="0">(OCoLC)fst01226920</subfield></datafield><datafield ind1=" " ind2="7" tag="655"><subfield code="a">Newspapers.</subfield><subfield code="2">fast</subfield><subfield code="0">(OCoLC)fst01423814</subfield></datafield><datafield ind1=" " ind2=" " tag="752"><subfield code="a">United States</subfield><subfield code="b">Illinois</subfield><subfield code="c">Marshall</subfield><subfield code="d">Henry.</subfield></datafield><datafield ind1="0" ind2="0" tag="780"><subfield code="t">Henry semi-weekly times</subfield><subfield code="w">(DLC)sn 90054570</subfield><subfield code="w">(OCoLC)22527663</subfield></datafield><datafield ind1="0" ind2="5" tag="780"><subfield code="t">Putnam County epitome</subfield></datafield><datafield ind1="0" ind2="0" tag="785"><subfield code="t">Henry current news</subfield><subfield code="w">(DLC)sn 90054575</subfield><subfield code="w">(OCoLC)22527832</subfield></datafield></record>